<record><leader>00000cas a22000007a 4500</leader><controlfield tag="001">24037240</controlfield><controlfield tag="008">910708d19821989mnucr ne      0    0eng d</controlfield><controlfield tag="009">10516</controlfield><datafield ind1=" " ind2=" " tag="010"><subfield code="a">sn 90059894 </subfield></datafield><datafield ind1=" " ind2=" " tag="040"><subfield code="a">MN#</subfield><subfield code="b">eng</subfield><subfield code="c">MN#</subfield><subfield code="d">DLC</subfield></datafield><datafield ind1=" " ind2=" " tag="042"><subfield code="a">msc</subfield></datafield><datafield ind1=" " ind2=" " tag="043"><subfield code="a">n-us-mn</subfield></datafield><datafield ind1=" " ind2=" " tag="052"><subfield code="a">4144</subfield><subfield code="b">M5:2C5</subfield></datafield><datafield ind1="0" ind2=" " tag="130"><subfield code="a">Skyway news (Minneapolis, Minn. : 1982)</subfield></datafield><datafield ind1="0" ind2="0" tag="245"><subfield code="a">Skyway news.</subfield></datafield><datafield ind1=" " ind2=" " tag="260"><subfield code="a">Minneapolis, Minn. :</subfield><subfield code="b">S.H. Kaufman,</subfield><subfield code="c">1982-1989.</subfield></datafield><datafield ind1=" " ind2=" " tag="300"><subfield code="a">8 v.</subfield></datafield><datafield ind1=" " ind2=" " tag="310"><subfield code="a">Semiweekly</subfield></datafield><datafield ind1="0" ind2=" " tag="362"><subfield code="a">Vol. 13, no. 78 (Sept. 30, 1982)-v. 20, no. 62 (Aug. 3, 1989).</subfield></datafield><datafield ind1=" " ind2=" " tag="530"><subfield code="a">Available on microfilm from the Minnesota Historical Society.</subfield></datafield><datafield ind1=" " ind2="0" tag="651"><subfield code="a">Central Business District (Minneapolis, Minn.)</subfield><subfield code="v">Newspapers.</subfield></datafield><datafield ind1="0" ind2="0" tag="780"><subfield code="t">Minneapolis downtown skyway news</subfield><subfield code="w">(DLC)sn 90059893</subfield><subfield code="w">(OCoLC)24037212</subfield></datafield><datafield ind1="0" ind2="0" tag="785"><subfield code="t">Twice weekly skyway news</subfield><subfield code="w">(DLC)sn 90059897</subfield><subfield code="w">(OCoLC)24037252</subfield></datafield></record>